@techreport{bpfpaper,
    title = {The BSD Packet Filter: A New Architecture for User-level Packet Capture},
    author = {Steven McCanne and Van Jacobson},
    institution = {Lawrence Berkely Laboratory},
    year = {1992}
}

@misc{scobullshit,
    title = {Analysis of SCO's Las Vegas Slide Show},
    author = {Bruce Perens and Linus Torvalds},
    howpublished = {\url{https://web.archive.org/web/20090217185248/http://perens.com/Articles/SCO/SCOSlideShow.html}}
}

@misc{kerneldoc,
    title = {Seccomp BPF (SECure COMPuting with filters)},
    howpublished = {\url{https://www.kernel.org/doc/html/v4.16/userspace-api/seccomp_filter.html}}
}

@book{sparc,
    title = "SPARC Architecture Manual",
    author = "SPARC International Inc.",
    year = 1991,
    publisher = "Prentice-Hall, Inc.",
    isbn = "0-13-825001-4"
}
    
@misc{chromium,
    title = "Linux Sandboxing",
    author = "Chromium",
    howpublished = {\url{https://chromium.googlesource.com/chromium/src/+/0e94f26e8/docs/linux_sandboxing.md}}
}
    

@techreport{mbox,
    title = "Practical and effective sandboxing for non-root users",
    author = {Taesoo Kim and Nickolai Zeldovich},
    howpublished = {\url{https://www.usenix.org/system/files/conference/atc13/atc13-kim.pdf}}
}
